
@Article{aldrich1,
	author = {Aldrich, J.},
	title = {{R. A. Fisher} and the making of maximum likelihood 1912 – 1922},
	journal = {Statistical Science},
	year = {1997},
	volume = {12},
	number = {3},
	pages = {162--176}}
	
@Manual{archivist,
    title = {{archivist}: An {R} Package for Managing, Recording and Restoring Data Analysis Results},
    author = {Przemysław Biecek and Marcin Kosiński},
    year = {2015},
    url = {https://github.com/pbiecek/archivist},
}
  
@Manual{rmarkdown,
	author = {Allaire, J.J. and Cheng, J. and Yihui Xie and McPherson, J. and Chang, W. and Allen, J. and Wickham, H. and Atkins, A. and Hyndman, R.},
	title = {rmarkdown: {Dynamic Documents} for {R}},
	note = {\\ R package version 0.8.1, \url{http://CRAN.R-project.org/package=rmarkdown}},
	year = {2015}}

@Article{assel,
	author = {Asselain, B. and Mould, R. F.},
	title = {Methodology of the {Cox} proportional hazards model},
	journal = {Journal of Oncology},
	year = {2010},
	volume = {60},
	number = {5},
	pages = {403--409}}

@Manual{magrittr,
	author = {Bache, S. M. and Wickham, H.},
	title = {magrittr: {A Forward-Pipe Operator} for {R}},
	note = {\\ R package version 1.5, \url{http://CRAN.R-project.org/package=magrittr}},
	year = {2014}}


@Manual{foreach,
    title = {foreach: {Provides Foreach Looping Construct} for {R}},
    author = {Weston, S.},
    year = {2015},
    note = {\\ R package version 1.4.3, \url{http://CRAN.R-project.org/package=foreach}}
}

@Article{bender,
	author = {Bender, R. and Augustin, T. and Blettner, M.},
	title = {Generating survival times to simulate {Cox} proportional hazards models},
	journal = {Statistics in Medicine},
	year = {2005},
	volume = {24},
	number = {11},
	pages = {1713--1723}}

@Book{biecek1,
author = {Biecek, P.},
title = {Przewodnik po pakiecie R},
publisher = {Oficyna Wydawnicza GiS},
year = {2011},
OPTedition = {II}
}


@Article{bott1,
	author = {Bottou, L.},
	title = {{Large-Scale Machine Learning} with {Stochastic Gradient Descent}},
	year = {2010}}


@Article{bottDOD,
	author = {Bottou, L.},
	title = {{Online Learning} and {Stochastic Approximations}},
	year = {1998}}
	
	
@Article{bott2,
	author = {Bottou, L.},
	title = {{Stochastic Gradient Descent Tricks}},
	year = {2012}}

@Book{boxst,
author = {Box-Steffensmeier, J. M. and Jones, B. S.},
title = {{Event History Modeling: A Guide} for {Social Scientists}},
publisher = {Cambridge University Press},
year = {2004}
}

@Manual{broad,
    title = {{Broad Institute TCGA Genome Data Analysis Center: Firehose} stddata 2015 06 01 run.},
    author = {\text{Broad Institute of MIT} and Harvard},
    year = {2014},
    note = {DOI:10.7908/C1251HBG}
}


@Book{burzyk1,
author = {Burzykowski, T.},
title = {Notatki do przedmiotu {Biostatystyka}},
year = {2015},
note = {\\ Politechnika Warszawska, \url{https://e.mini.pw.edu.pl/sites/default/files/biostatystyka.pdf}}
}

@Manual{rlp,
    title = {rlp: {An Example} of {Using Literate Programming} for {R Package Development}},
    author = {Cheng, J. and Yihui Xie},
    year = {2014},
    note = {R package version 0.0.2, \url{https://github.com/yihui/rlp}}
}


@Article{chin1,
	author = {Chin, L. and Hahn, W.C. and Getz, G. and Meyerson, M.},
	title = {Making sense of cancer genomic data},
	journal = {Genes and Development},
	year = {2011},
	volume = {25},
	number = {6},
	pages = {534--555}}
	
	
@Article{kaplanmeier,
author = {Kaplan, E. L. and Meier, P.},
title = {Nonparametric Estimation from Incomplete Observations},
journal = {Journal of the American Statistical Association},
volume = {53},
number = {282},
year = {1958},
pages = {457-481}}
	
	

@Article{chin2,
	author = {Chin, L. and Andersen, J.N. and Futreal, P.A.},
	title = {Cancer genomics: from discovery science to personalized medicine},
	journal = {Nature Medicine},
	year = {2011},
	volume = {17},
	number = {2},
	pages = {297--303}}

@Book{cox0,
author = {Cox, D. R},
title = {{Renewal Theory. Methuen Monograph} on {Applied Probability} and {Statistics}},
year = {1962},
publisher = {Methuen}
}


@Article{cox,
	author = {Cox, D. R.},
	title = {Regression models and life-tables (with discussion)},
	journal = {Journal of the Royal Statistical Society},
	year = {1972},
	volume = {B},
	number = {34},
	pages = {187--220}}

@Book{collett,
author = {Collett, D.},
title = {{Modelling Survival Data} in {Medical Research}},
year = {1994},
publisher = {Chapman and Hall}
}


@Manual{czepiel,
	author = {Czepiel, S. A.},
	title = {{Maximum Likelihood Estimation} of {Logistic Regression Models: Theory} and {Implementation}},
	year = {2002},
	note={\url{http://czep.net/stat/mlelr.pdf}}
}

@Article{dempster,
	author = {Dempster, A. and Laird, N. and Rubin, D.},
	title = {{Maximum Likelihood} from {Incomplete Data} via the {EM Algorithm}},
	journal = {Journal of the Royal Statistical Society},
	year = {1977},
	volume = {B},
	number = {39},
	pages = {1--38}}


@Book{dennis,
author = {Dennis, J. E. Jr. and Schnabel, R. B.},
title = {{Numerical Methods For Unconstrained Optimization} and {Nonlinear Equations}},
year = {1983},
publisher = {Prentice-Hall}
}

@Book{dobson,
author = {Dobson, A. J.},
title = {{An Introduction} to {Generalized Linear Models}},
year = {2002},
publisher = {Chapman \& Hall/CRC},
edition = {II},
}

@Article{zikula2,
	author = {Domagała, W.},
	title = {Molekularne podstawy karcynogenezy i ścieżki sygnałowe niektórych nowotworów ośrodkowego układu nerwowego},
	journal = {Polski Przegląd Neurologiczny},
	year = {2007},
	volume = {3},
	pages = {127--141}}

@Manual{data.table,
    title = {data.table: {Extension} of Data.frame},
    author = {Dowle, M. and Srinivasan, A. and Short, T. and Lianoglou, S. and \text{contributions from Saporta, R. and Antonyan, .E}},
    year = {2015},
    note = {\\ R package version 1.9.6, \url{http://CRAN.R-project.org/package=data.table}}
}

@Manual{finkel,
    title = {Efficient, {Feature-based, Conditional Random Field Parsing}},
    author = {Finkel, J. R. and Kleeman, A. and Manning, C. D.},
    year = {2008},
    note = {Proc. Annual Meeting of the ACL}
}

@Book{fisher1,
author = {Fisher, R. A.},
title = {An absolute criterion for fitting frequency curves},
year = {1912}
}

@Article{fisher2,
	author = {Fisher, R. A.},
	title = {On the mathematical foundations of theoretical statistics},
	journal = {Philos. Trans. Roy. Soc. London},
	year = {1922},
	volume = {A},
	number = {222},
	pages = {309--368}}


@Book{fisher3,
author = {Fisher, R. A.},
title = {{Statistical Methods} for {Research Workers}},
year = {1925},
publisher = {Oliver and Boyd}
}

@Book{fortuna,
author = {Fortuna, Z. and Macukow, B. and Wąsowski J.},
title = {{Metody Numeryczne}},
year = {2006},
publisher = {Wydawnictwa Naukowo-Techniczne}
}

@Book{gauss1,
author = {Gauss, C. F.},
title = {{Theoria Motus Corporum Coelestium}},
year = {1809}
}

@Book{gagol1,
author = {Gągolewski, M.},
title = {{Programowanie} w języku {R}},
year = {2014},
publisher = {Wydawnictwo Naukowe PWN}
}

@Article{goemann,
	author = {Goeman, J. J.},
	title = {L1 penalized estimation in the Cox proportional hazards model},
	journal = {Biom J.},
	year = {2010},
	volume = {52},
	number = {1},
	pages = {70--84}}

@Article{greenPJ,
	author = {Green, P. J.},
	title = {{Iteratively Reweighted Least Squares} for {Maximum Likelihood Estimation}, and {Some Robust} and {Resistant Alternatives}},
	journal = {Journal of the Royal Statistical Society},
	year = {1984},
	volume = {B},
	pages = {149--192}}

@Article{hald,
	author = {Hald, A.},
	title = {Maximum likelihood estimation of the parameters of a normal distribution which is truncated at a known point},
	journal = {Skandinavisk Aktuarietidskrift},
	year = {1949},
	pages = {119--134}}

@Book{glmglm,
author = {Hastie, T. J. and Pregibon, D.},
editor = {Chambers, J. M. and Hastie, T. J.},
title = {Generalized linear models. {Chapter} 6 of {Statistical Models} in {S}},
publisher = {Wadsworth \& Brooks/Cole},
year = {1992}
}

@Book{heckman,
	author = {Heckman, J. J. and Singer, B.},
	title = {{Longitudinal Analysis of Labor Market Data}},
	publisher = {Cambridge University Press},
	year = {1985}}

@Book{hosmer,
author = {Hosmer, D. W. and Lemeshow, S. and May, S.},
title = {{Applied Survival Analysis: Regression Modeling} of {Time} to {Event Data}},
publisher = {Wiley Series in Probability and Statistics, Wiley-Interscience},
year = {2008},
edition = {II}
}



@Article{hutch1,
	author = {Hutchinson, J. B.},
	title = {{The Application} of the {Method} of {Maximum Likelihood} to the {Estimation} of {Linkage}},
	journal = {Genetics},
	year = {1928},
	volume = {14},
	number = {6},
	pages = {519-–537}}

@Article{zikula3,
	author = {Janik-Papis,  K. and Błasiak, J.},
	title = {Molekularne wyznaczniki raka piersi. Inicjacja i promocja - część I},
	journal = {Nowotwory - Journal of Oncology},
	year = {2010},
	volume = {60},
	number = {3},
	pages = {236--247}}

@Article{zikula4,
	author = {Janik-Papis,  K. and Błasiak, J.},
	title = {Molekularne wyznaczniki raka piersi. Progresja i nowi kandydaci - część II},
	journal = {Nowotwory - Journal of Oncology},
	year = {2010},
	volume = {60},
	number = {4},
	pages = {341--350}}

@Article{scoring2,
	author = {Jennrich, R. I. and Sampson, P. F.},
	title = {Newton-Raphson and related algorithms for maximum likelihood variance component estimation},
	journal = {Technometrics},
	year = {1976},
	volume = {18},
	pages = {11--17}}


@Book{kalf,
author = {Kalbfleisch, J. D. and Prentice, R. L},
title = {{The Statistical Analysis} of {Failure Time Data}},
publisher = {New York: John Wiley and Sons},
year = {1980}
}

@Article{kenward1,
	author = {Kenward, M. G. and Lesaffre, E. and Molenberghs, G.},
	title = {{An Application} of {Maximum Likelihood} and {Generalized Estimating Equations} to the {Analysis} of {Ordinal Data} from a {Longitudinal Study} with {Cases Missing} at {Random}},
	journal = {Biometrics},
	year = {1994},
	volume = {50},
	number = {4},
	pages = {945--953}}


@Manual{KIMKIM,
    title = {Gradient lasso for feature selection},
    author = {Kim, J. and Kim, Y.},
    year = {2004},
    note = {In Proceedings of the 21th International Conference on Machine LearningProc. Morgan Kaufmann, ACM, New York}, pages = {473--480}
}


@Article{KIM,
	author = {Kim, J. and Kim, Y. and Kim, Y.},
	title = {A gradient-based optimization algorithm for lasso},
	journal = {Journal of Computational and Graphical Statistics},
	year = {2008},
	volume = {17},
	pages = {994--1009}}


@Book{klein,
author = {Klein, J. P. and Moeschberger, M. L.},
title = {{Survival Analysis: Techniques} for {Censored} and {Truncated Data}},
publisher = {New York: John Wiley and Sons},
year = {2003}
}

@Manual{kosa0,
    title = {coxphSGD: {Stochastic Gradient Descent} log-likelihood estimation in {Cox} proportional hazards model},
    author = {Kosiński, M.},
    year = {2015},
    note = {R package version 0.1.0, \url{https://github.com/MarcinKosinski/coxphSGD}}
}

@Manual{kosa1,
    title = {RTCGA: {The Cancer Genome Atlas Data Integration}},
    author = {Kosiński, M. and Biecek, P.},
    year = {2015},
    note = {\\ R package version 1.2.0, \url{https://github.com/RTCGA}}
}

@Manual{kosa2,
    title = {RTCGA.clinical: {Clinical} datasets from {The Cancer Genome Atlas Project}},
    author = {Kosiński, M.},
    year = {2015},
    note = {\\ R package version 20151101.0.0, \\ \url{http://bioconductor.org/packages/RTCGA.clinical/}}
}

@Manual{kosa3,
    title = {RTCGA.mutations: {Mutations} datasets from {The Cancer Genome Atlas Project}},
    author = {Kosiński, M.},
    year = {2015},
    note = {\\ R package version 20151101.0.0, \\ \url{http://bioconductor.org/packages/RTCGA.mutations/}}
    }

@Book{kotlowski,
author = {Kotłowski, W.},
title = {Notatki do przedmiotu {Techniki Optymalizacji}},
year = {2012},
note = {\\ Politechnika Poznańska, \url{http://www.cs.put.poznan.pl/wkotlowski/teaching/wyklad3b.pdf}}
}

@Article{zikula5,
	author = {Kozłowska, J. and Łaczmańska, I.},
	title = {Niestabilność genetyczna - jej znaczenie w procesie powstawania nowotworów oraz diagnostyka laboratoryjna},
	journal = {Nowotwory - Journal of Oncology},
	year = {2010},
	volume = {60},
	number = {6},
	pages = {548--553}}

@Book{legendre1,
author = {Legendre, A. M.},
title = {Nouvelles m\`ethods pour la d\`etermination des orbites des com\`etes},
year = {1804}
}

@Article{scoring1,
	author = {Longford, N. T.},
	title = {A fast scoring algorithm for maximum likelihood estimation in unbalanced mixed models with nested random effects},
	journal = {Biometrika},
	year = {1987},
	volume = {74},
	number = {4},
	pages = {817--827}}

@Book{milewski,
author = {Milewski, S.},
title = {Konspekt do przedmiotu {Metody Numeryczne}},
year = {2006},
note = {\\ Politechnika Krakowska, \url{http://l5.pk.edu.pl/images/skrypty/Metody\_numeryczne\_1}}
}

@Book{millar1,
author = {Millar, R. B.},
title = {{Maximum Likelihood Estimation} and {Inference: With Examples} in {R, SAS} and {ADMB. Chapter} 6. {Some Widely Used Applications} of {Maximum Likelihood}},
publisher = {John Wiley \& Sons, Ltd},
year = {2011}
}

@Book{MOOD,
author = {Mood, A. M. and Graybill, F. A. and Boes, D. C.},
title = {{Introduction} to the {Theory} of {Statistics}},
publisher = {McGraw-Hill: New York},
year = {1974}
}

@Article{mital,
	author = {Mittal, S. and Madigan, D.},
	title = {High-dimensional, massive sample-size {Cox} proportional hazards regression for survival analysis},
	journal = {Biostatistics},
	year = {2014},
	volume = {15},
	number = {2},
	pages = {207--221}}

@Book{murata,
	author = {Mittal, S. and Madigan, D.},
	title = {{A Statistical Study} of {On-line Learning. In Online Learning} and {Neural Networks}},
	publisher = {Cambridge University Press},
	year = {1998}
}

@Book{niemiro,
author = {Niemiro, W.},
title = {Skrypt do przedmiotu {Statystyka}},
year = {2011},
note = {\\ Uniwersytet Warszawski, \url{http://www-users.mat.umk.pl/~wniem/Statystyka/Statystyka.pdf}}
}

@Article{norwe,
	author = {\text{Norwegian Multicentre Study Group}},
	title = {Timolol-induced reduction in mortality and reinfarction},
	journal = {The New England  Journal of Medicine},
	year = {1981},
	volume = {304},
	number = {14},
	pages = {801--807}}

@Article{oakes,
	author = {Oakes, D},
	title = {Biometrika centenary: survival analysis},
	journal = {Biometrika},
	year = {2001},
	volume = {88},
	number = {1},
	pages = {99--142}}

@Article{parkm,
	author = {Park, M. Y. and Hastie, T.},
	title = {L1-regularization path algorithm for generalized linear models},
	journal = {Journal of the Royal Statistical Society},
	year = {2007},
	volume = {69},
	number = {4},
	pages = {659--677}}

@Book{mit0,
author = {Panchenko, D.},
title = {Notatki do otwartego kursu {Statistics} for {Applications}, {Lecture} 2: {Maximum Likelihood Estimators}},
year = {2006},
note = {\\ MIT, \url{http://ocw.mit.edu/courses/mathematics/18-443-statistics-for-applications-fall-2006/}}
}

@Book{mit1,
author = {Panchenko, D.},
title = {Notatki do otwartego kursu {Statistics} for {Applications}, {Lecture} 3: {Properties} of {MLE}: consistency, asymptotic normality. {Fisher} information},
year = {2006},
note = {\\ MIT, \url{http://ocw.mit.edu/courses/mathematics/18-443-statistics-for-applications-fall-2006/}}
}

@Manual{zikula,
    title = {Genetyczne podstawy nowotworzenia},
    author = {Podsiadły, K.},
    year = {2011},
    note = {\\ \url{www.e-biotechnologia.pl/Artykuly/Genetyczne-podstawy-nowotworzenia}}
    }

@Manual{programikr,
    title = {R: {A} language and environment for statistical computing},
    author = {\text{R Core Team}},
    year = {2013},
    note = {R Foundation for Statistical Computing, ISBN 3-900051-07-0, \url{http://www.R-project.org/}}
    }

@Article{robbins,
	author = {Robbins, H. E. and Siegmund, D. O.},
	title = {A convergence theorem for non negative almost supermartingales and some applications},
	journal = {Academic Press, New York},
	year = {1971},
	note = {In Proc. Sympos. Optimizing Methods in Statistics, Ohio State University}
	pages = {233–-257}}

@PhdThesis{rydl1,
author = {Rydlewski, J.},
title = {{Estymatory Największej Wiarogodności} w {Uogólnionych Modelach Regresji Nieliniowej}},
year = {2009},
}

@Article{sohn,
	author = {Sohn, I. and Kim, J. and Jung, S. H. and Park, C.},
	title = {Gradient lasso for {Cox} proportional hazards model},
	journal = {Bioinformatics},
	year = {2009},
	volume = {25},
	number = {14},
	pages = {1775--1781}}

@Book{sokol,
author = {Sokołowski, A.},
title = {Jak rozumieć i wykonywać analizę przeżycia},
year = {2010},
note = {\\ \url{http://www.statsoft.pl/Portals/0/Downloads/Jak\_rozumiec\_i\_wykonac\_analize\_przezycia.pdf}}
}

@Book{views,
author = {\text{Statistics Views}},
title = {"I would like to think of myself as a scientist, who happens largely to specialise in the use of statistics"– An interview with Sir David Cox},
year = {2014}
}

@Manual{sgdpkg,
    title = {sgd: {Stochastic Gradient Descent} for {Scalable Estimation}},
    author = {Tran, D. and Lan, T. and Toulis P.},
    year = {2015},
    note = {R package version 0.1, \url{https://github.com/airoldilab/sgd}}
}

@Article{future,
	author = {Nature Medicine},
	title = {The future of cancer genomics},
	journal = {Nature Medicine},
	year = {2015},
	volume = {21},
	number = {2},
	pages = {99}}

@Book{ther,
author = {Therneau, T. M. and Grambsch, P. M.},
title = {{Modeling Survival Data: Extending} the {Cox Model}},
year = {2000},
publisher = {Springer}
}

@Manual{survival,
    title = {A {Package} for {Survival Analysis} in {S}},
    author = {Therneau, T. M.},
    year = {2015},
    note = {\\ R package version 2.38, \url{http://CRAN.R-project.org/package=survival}}
    }

@Article{patrycja,
	author = {Tomczak, K. and Czerwińska, P. and Wiznerowicz, M.},
	title = {The {Cancer Genome Atlas (TCGA)}: an immeasurable source of knowledge},
	journal = {Contemporary Oncology},
	year = {2015},
	volume = {19},
	number = {1A},
	pages = {A68--A77}}

@Article{toulis,
	author = {Toulis, P. and Airoldi, E. M.},
	title = {Implicit stochastic gradient descent},
	year = {2015},
	note = {arXiv:1408.2923v5}}

@Manual{assertthat,
    title = {assertthat: {Easy} pre and post assertions},
    author = {Wickham, H.},
    year = {2013},
    note = {\\ R package version 0.1, \url{http://CRAN.R-project.org/package=assertthat}}
    }

@Manual{dplyr,
    title = {dplyr: {A Grammar} of {Data Manipulation}},
    author = {Wickham, H. and Francois, R.},
    year = {2015},
    note = {\\ R package version 0.4.3, \url{http://CRAN.R-project.org/package=dplyr}}
    }

@Manual{ggplot2,
    title = {ggplot2: elegant graphics for data analysis},
    author = {Wickham, H.},
    year = {2009},
    note = {Springer New York}
    }


@Article{reshape2,
	author = {Wickham, H.},
	title = {Reshaping {Data} with the reshape {Package}},
	journal = {Journal of Statistical Software},
	year = {2007},
	volume = {21},
	number = {12},
	pages = {1--20}}

@Manual{roxygen2,
    title = {roxygen2: {In-Source Documentation} for {R}},
    author = {Wickha, H. and Danenberg, P. and Eugster, M.},
    year = {2015},
    note = {\\ R package version 5.0.1, \url{http://CRAN.R-project.org/package=roxygen2}}
    }

@Manual{tidyr,
    title = {tidyr: {Easily Tidy Data} with spread() and gather() {Functions}},
    author = {Wickham, H.},
    year = {2015},
    note = {\\ R package version 0.3.1, \url{http://CRAN.R-project.org/package=tidyr}}
    }


@Book{ADALINE,
author = {Widrow, B.},
title = {An adaptive {ADALINE} neuron using chemical memistors},
year = {1960},
publisher = {Technical Report No. 1553-2, Stanford University}
}

@Book{ADALINE2,
author = {Widrow, B. and Ho, M.E.},
title = {Adaptive switching circuits},
year = {1960},
publisher = {In: IRE WESCON Conv. Record, Part 4.},
pages = {96--104}
}

@Book{widrow2,
author = {Widrow, B. and Stearns, S. D.},
title = {Adaptive Signal Processing},
year = {1985},
publisher = {Prentice Hall}
}


@Book{sfu1,
author = {Woodcock, S.},
title = {Notatki do otwartego kursu {ECON 837, Lecture 11 Asymptotic Properties} of {Maximum Likelihood Estimators}},
year = {2014},
note = {\\ Uniwersytet Simona Frasera, \url{http://www.sfu.ca/~swoodcoc/teaching/sp2014/econ837/11.mle.pdf}}
}

@Manual{knitr1,
    title = {knitr: {A General-Purpose Package} for {Dynamic Report Generation} in {R}},
    author = {Yihui Xie},
    year = {2015},
    note = {\\ R package version 1.11, \url{http://CRAN.R-project.org/package=knitr}}
    }

@Book{knitr2,
author = {Yihui Xie},
title = {Dynamic {Documents} with {R} and knitr},
year = {2014},
edition = {II},
publisher = {Chapman and Hall/CRC},
note = {ISBN 978-1498716963}
}

@Book{knitr3,
author = {Yihui Xie},
title = {knitr: {A Comprehensive Tool} for {Reproducible Research} in {R}},
editors = {Stodden, V. and Leisch, F. and Peng, R. D.},
year = {2014},
edition = {II},
publisher = {Chapman and Hall/CRC},
note = {ISBN 978-1466561595}
}

@Book{zieli,
author = {Zieliński, R.},
title = {Siedem wykładów wprowadzających do statystyki matematycznej},
year = {1990},
publisher = {Wydawnictwo Naukowe PWN}
}


